<collection xmlns="http://www.loc.gov/MARC21/slim"><record><leader>00893nam  2200265   450</leader><controlfield tag="001">17</controlfield><controlfield tag="003">http://montalegre.opacnet.com/OPAC/default.aspx?ContentAreaControl=ShowRegHoldings.ascx&amp;RegNo=16662</controlfield><datafield tag="010" ind1=" " ind2=" "><subfield code="a">972 710 005 8</subfield></datafield><datafield tag="021" ind1=" " ind2=" "><subfield code="a">PT</subfield><subfield code="b">40320/90</subfield></datafield><datafield tag="095" ind1=" " ind2=" "><subfield code="a">PTBN00262451</subfield></datafield><datafield tag="100" ind1=" " ind2=" "><subfield code="a">20061013d1990    m  y0pory010305  ba</subfield></datafield><datafield tag="101" ind1="1" ind2=" "><subfield code="a">por</subfield><subfield code="c">eng</subfield></datafield><datafield tag="102" ind1=" " ind2=" "><subfield code="a">PT</subfield></datafield><datafield tag="105" ind1=" " ind2=" "><subfield code="a">y   z   001ay</subfield></datafield><datafield tag="106" ind1=" " ind2=" "><subfield code="a">r</subfield></datafield><datafield tag="200" ind1="1" ind2=" "><subfield code="a">Cuidado com a senhora</subfield><subfield code="f">Margery Allingham</subfield><subfield code="g">trad. Maria Adelaide Namorado Freire</subfield></datafield><datafield tag="210" ind1=" " ind2=" "><subfield code="a">Mem Martins</subfield><subfield code="c">Terramar</subfield><subfield code="d">imp. 1990</subfield></datafield><datafield tag="215" ind1=" " ind2=" "><subfield code="a">236 p.</subfield><subfield code="d">21 cm</subfield></datafield><datafield tag="225" ind1="2" ind2=" "><subfield code="a">Aventura, saar</subfield><subfield code="e">sociedade anónima de alto risco</subfield><subfield code="v">2)</subfield></datafield><datafield tag="304" ind1=" " ind2=" "><subfield code="a">Tít. orig. : Look to the lady</subfield></datafield><datafield tag="675" ind1=" " ind2=" "><subfield code="a">821</subfield><subfield code="v">BN</subfield><subfield code="z">por</subfield></datafield><datafield tag="700" ind1=" " ind2="1"><subfield code="a">Allingham</subfield><subfield code="b">Margery</subfield><subfield code="f">1904-1966</subfield></datafield><datafield tag="702" ind1=" " ind2="1"><subfield code="a">Freire</subfield><subfield code="b">Maria Adelaide Namorado</subfield><subfield code="4">730</subfield></datafield><datafield tag="801" ind1=" " ind2="0"><subfield code="a">PT</subfield><subfield code="b">Biblioteca Municipal de Montalegre</subfield><subfield code="g">RPC</subfield></datafield><datafield tag="856" ind1=" " ind2=" "><subfield code="u">locateMedia.asp?cod=20060504115055&amp;ext=jpg</subfield><subfield code="z">CAPA</subfield></datafield><datafield tag="909" ind1="&#9;" ind2=" "><subfield code="a">1</subfield></datafield><datafield tag="966" ind1=" " ind2=" "><subfield code="a">0008616</subfield><subfield code="l">BMM</subfield><subfield code="s">SCG 821 ALL cui 2</subfield></datafield></record></collection>